@book{Patterson:1990:CAQ:77493,
 author = {Patterson, David A. and Hennessy, John L.},
 title = {Computer Architecture: A Quantitative Approach},
 year = {1990},
 isbn = {1-55880-069-8},
 publisher = {Morgan Kaufmann Publishers Inc.},
 address = {San Francisco, CA, USA},
} 
@book{MGLECTURENOTES,
	author = {Graziano, Mariagrazia},
	title = {Microelectornic Systems Lecture Notes},
	year = {2013}
}
@online{ISA,
	ALTeditor = {Iowa State University},
	title = {DLX Instruction Set},
	date = {date},
	url = {http://web.cs.iastate.edu/~prabhu/Tutorial/PIPELINE/DLXinstrSet.html},
}

